% Encoding: UTF-8

@InProceedings{Lamport1994Latex,
  author = {Lamport, Leslie},
  title  = {Latex: a document preparation system},
  year   = {1994},
}

@Article{Sussman1991The,
  author  = {Sussman, G. L. and Tarlo, S and Dolovich, J},
  title   = {The spectrum of IgE-mediated responses to latex.},
  journal = {Jama the Journal of the American Medical Association},
  year    = {1991},
  volume  = {265},
  number  = {21},
  pages   = {2844},
}

@Article{Farrell1991Escalation,
  author  = {Farrell, Brian D.},
  title   = {Escalation of Plant Defense: Do Latex and Resin Canals Spur Plant Diversification?},
  journal = {American Naturalist},
  year    = {1991},
  volume  = {138},
  number  = {4},
  pages   = {881-900},
}

@Article{徐长山2011培养卓越工程技术人才的有效途径——以石家庄铁道大学为例,
  author  = {徐长山},
  title   = {培养卓越工程技术人才的有效途径——以石家庄铁道大学为例},
  journal = {石家庄铁道大学学报(社会科学版)},
  year    = {2011},
  volume  = {05},
  number  = {3},
  pages   = {89-94},
}

@Article{金龙2012大学文化建设的路径思考——以石家庄铁道大学为例,
  author  = {金龙},
  title   = {大学文化建设的路径思考——以石家庄铁道大学为例},
  journal = {石家庄铁道大学学报(社会科学版)},
  year    = {2012},
  volume  = {6},
  number  = {2},
  pages   = {51-55},
}

@Article{刘素萍2009工科院校汉语言文学专业人才培养模式探略——以石家庄铁道学院为例,
  author  = {刘素萍 and 任立新},
  title   = {工科院校汉语言文学专业人才培养模式探略——以石家庄铁道学院为例},
  journal = {石家庄铁道大学学报(社会科学版)},
  year    = {2009},
  volume  = {3},
  number  = {4},
  pages   = {79-82},
}

@Article{赵彦刚2014提升大学生就业能力的对策探究——以石家庄铁道大学为例,
  author  = {赵彦刚 and 王志臣},
  title   = {提升大学生就业能力的对策探究——以石家庄铁道大学为例},
  journal = {石家庄铁道大学学报(社会科学版)},
  year    = {2014},
  number  = {4},
  pages   = {101-105},
}

@Article{监测系统构建,
  author  = {杜彦良 and 张玉芝 and 赵维刚},
  title   = {高速铁路线路工程安全监测系统构建},
  journal = {土木工程学报},
  year    = {2012},
  number  = {s2},
  pages   = {59-63},
}

@Comment{jabref-meta: databaseType:bibtex;}
